<record><leader>00000cas a2200000 a 4500</leader><controlfield tag="001">55003059</controlfield><controlfield tag="008">040422c20009999nyuwr ne      0    0ben d</controlfield><datafield ind1=" " ind2=" " tag="010"><subfield code="a">sn2004060385</subfield></datafield><datafield ind1=" " ind2=" " tag="040"><subfield code="a">NYS</subfield><subfield code="b">eng</subfield><subfield code="c">NYS</subfield><subfield code="d">OCLCQ</subfield><subfield code="d">OCLCO</subfield><subfield code="d">OCLCF</subfield></datafield><datafield ind1=" " ind2=" " tag="043"><subfield code="a">n-us-ny</subfield></datafield><datafield ind1="0" ind2="4" tag="245"><subfield code="a">The Akhon Samoy.</subfield></datafield><datafield ind1=" " ind2=" " tag="260"><subfield code="a">Jackson Heights, N.Y. :</subfield><subfield code="b">Zakaria Masud Ziko,</subfield><subfield code="c">2000-</subfield></datafield><datafield ind1=" " ind2=" " tag="300"><subfield code="a">v. :</subfield><subfield code="b">ill. (some col.) ;</subfield><subfield code="c">42 cm.</subfield></datafield><datafield ind1=" " ind2=" " tag="310"><subfield code="a">Weekly</subfield></datafield><datafield ind1="1" ind2=" " tag="362"><subfield code="a">Began in 2000.</subfield></datafield><datafield ind1=" " ind2=" " tag="500"><subfield code="a">"A New Millenium Weekly."</subfield></datafield><datafield ind1=" " ind2=" " tag="530"><subfield code="a">Available via the World Wide Web.</subfield></datafield><datafield ind1=" " ind2=" " tag="546"><subfield code="a">In Bengali.</subfield></datafield><datafield ind1=" " ind2=" " tag="588"><subfield code="a">Description based on: Vol. 4, no. 17 (Mar. 9/15, 2004).</subfield></datafield><datafield ind1=" " ind2="0" tag="650"><subfield code="a">Bangladeshi newspapers</subfield><subfield code="z">United States.</subfield></datafield><datafield ind1=" " ind2="0" tag="650"><subfield code="a">Bangladeshi Americans</subfield><subfield code="z">New York (State)</subfield><subfield code="z">New York.</subfield></datafield><datafield ind1=" " ind2="0" tag="651"><subfield code="a">New York (N.Y.)</subfield><subfield code="v">Newspapers.</subfield></datafield><datafield ind1=" " ind2="0" tag="651"><subfield code="a">Queens (New York, N.Y.)</subfield><subfield code="v">Newspapers.</subfield></datafield><datafield ind1=" " ind2="0" tag="651"><subfield code="a">Jackson Heights (New York, N.Y.)</subfield><subfield code="v">Newspapers.</subfield></datafield><datafield ind1=" " ind2="0" tag="651"><subfield code="a">Queens County (N.Y.)</subfield><subfield code="v">Newspapers.</subfield></datafield><datafield ind1=" " ind2="7" tag="655"><subfield code="a">Newspapers.</subfield><subfield code="2">fast</subfield><subfield code="0">(OCoLC)fst01423814</subfield></datafield><datafield ind1=" " ind2="7" tag="650"><subfield code="a">Bangladeshi Americans.</subfield><subfield code="2">fast</subfield><subfield code="0">(OCoLC)fst00826533</subfield></datafield><datafield ind1=" " ind2="7" tag="650"><subfield code="a">Bangladeshi newspapers.</subfield><subfield code="2">fast</subfield><subfield code="0">(OCoLC)fst01744382</subfield></datafield><datafield ind1=" " ind2="7" tag="651"><subfield code="a">New York (State)</subfield><subfield code="z">New York.</subfield><subfield code="2">fast</subfield><subfield code="0">(OCoLC)fst01204333</subfield></datafield><datafield ind1=" " ind2="7" tag="651"><subfield code="a">New York (State)</subfield><subfield code="z">New York</subfield><subfield code="z">Jackson Heights.</subfield><subfield code="2">fast</subfield><subfield code="0">(OCoLC)fst01322176</subfield></datafield><datafield ind1=" " ind2="7" tag="651"><subfield code="a">New York (State)</subfield><subfield code="z">New York</subfield><subfield code="z">Queens.</subfield><subfield code="2">fast</subfield><subfield code="0">(OCoLC)fst01313007</subfield></datafield><datafield ind1=" " ind2="7" tag="651"><subfield code="a">New York (State)</subfield><subfield code="z">Queens County.</subfield><subfield code="2">fast</subfield><subfield code="0">(OCoLC)fst01246810</subfield></datafield><datafield ind1=" " ind2="7" tag="651"><subfield code="a">United States.</subfield><subfield code="2">fast</subfield><subfield code="0">(OCoLC)fst01204155</subfield></datafield><datafield ind1=" " ind2=" " tag="752"><subfield code="a">United States</subfield><subfield code="b">New York</subfield><subfield code="c">Queens</subfield><subfield code="d">Jackson Heights.</subfield></datafield><datafield ind1=" " ind2=" " tag="752"><subfield code="a">United States</subfield><subfield code="b">New York</subfield><subfield code="d">New York.</subfield></datafield><datafield ind1="4" ind2="1" tag="856"><subfield code="u">http://www.akhonsamoy.com</subfield></datafield></record>